<?xml version="1.0" encoding="UTF-8"?><collection xmlns="http://www.loc.gov/MARC21/slim"><record><leader>00579nam--2200193-i-4500</leader><controlfield tag="001">000047678</controlfield><controlfield tag="002">20161230</controlfield><controlfield tag="005">20170118192228</controlfield><controlfield tag="008">060222s1000------------r-----000-0-eng-d</controlfield><datafield ind1=" " ind2=" " tag="040"><subfield code="a">IFIN-HH</subfield></datafield><datafield ind1=" " ind2=" " tag="080"><subfield code="a">539.12:537.591</subfield></datafield><datafield ind1="1" ind2=" " tag="100"><subfield code="a">Wilson, J. G</subfield></datafield><datafield ind1="1" ind2="0" tag="245"><subfield code="a">Progress in elentary particle and cosmic ray physics</subfield><subfield code="c">J.G. Wilson ; S.A. Wouthuysen (eds.)</subfield></datafield><datafield ind1=" " ind2=" " tag="260"><subfield code="a">Amsterdam</subfield><subfield code="b">North-Holland Publishing Company</subfield><subfield code="c">1958-1971</subfield></datafield><datafield ind1=" " ind2=" " tag="300"><subfield code="a">6 volume</subfield></datafield><datafield ind1="1" ind2=" " tag="700"><subfield code="a">Wouthuysen, S. A</subfield><subfield code="e">Ed</subfield></datafield><datafield ind1="1" ind2=" " tag="787"><subfield code="a">Volume X</subfield><subfield code="d">1971</subfield><subfield code="h">396 p</subfield></datafield><datafield ind1=" " ind2=" " tag="852"><subfield code="a">10248</subfield><subfield code="c">539.13</subfield></datafield><datafield ind1=" " ind2=" " tag="CAT"><subfield code="a">SYS</subfield><subfield code="c">20170118</subfield><subfield code="h">192228</subfield></datafield></record></collection>